@Article{ea96,
  author = 	 {G Ernesto Acosta},
  title = 	 {Differentiability in Topological Groups},
  journal = 	 {Soochow Journal of Mathematics},
  year = 	 {1996},
  volume = 	 {22},
  number = 	 {1},
  pages = 	 {39-48},
}

@article {au15,
    AUTHOR = {Audenaert, Koenraad M. R.},
     TITLE = {A norm inequality for pairs of commuting positive semidefinite
              matrices},
   JOURNAL = {Electron. J. Linear Algebra},
  FJOURNAL = {Electronic Journal of Linear Algebra},
    VOLUME = {30},
      YEAR = {2015},
     PAGES = {80--84},
      ISSN = {1081-3810},
   MRCLASS = {15A60},
  MRNUMBER = {3318430},
MRREVIEWER = {Polona Oblak},
       DOI = {10.13001/1081-3810.2829},
       URL = {http://dx.doi.org/10.13001/1081-3810.2829},
}

@book {po86,
    AUTHOR = {Pontryagin, L. S.},
     TITLE = {Selected works. {V}ol. 2},
    SERIES = {Classics of Soviet Mathematics},
   EDITION = {Third},
      NOTE = {Topological groups,
              Edited and with a preface by R. V. Gamkrelidze,
              Translated from the Russian and with a preface by Arlen Brown,
              With additional material translated by P. S. V. Naidu},
 PUBLISHER = {Gordon \& Breach Science Publishers, New York},
      YEAR = {1986},
     PAGES = {xxx+543},
      ISBN = {2-88124-134-4},
   MRCLASS = {01A75},
  MRNUMBER = {898007 (90a:01106)},
}